
@Manual{R_Matrix,
	Author = {Douglas Bates and Martin Maechler},
	Title = {\pkg{Matrix}: Sparse and Dense Matrix Classes and Methods},
	note = {\proglang{R} package version 12-4},
	Url = {http://CRAN.R-project.org/package=Matrix},
	Year = {2015}}

@article{ColemanCai1986,
	Author = {Thomas F. Coleman and Jin-Yi Cai},
	Doi = {10.1137/0607026},
	Journal = {{SIAM} Journal on Algebraic Discrete Methods},
	Number = {2},
	Pages = {221-235},
	Title = {The Cyclic Coloring Problem and Estimation of Sparse Hessian Matrices},
	Volume = {7},
	Year = {1986}}

@article{ColemanMore1984,
	Author = {Thomas F. Coleman and Jorge J. Mor\'e},
	Doi = {10.1007/BF02612334},
	Journal = {Mathematical Programming},
	Month = {October},
	Number = {3},
	Pages = {243-270},
	Title = {Estimation of Sparse Hessian Matrices and Graph Coloring Problems},
	Volume = {28},
	Year = {1984}}

@article{GebremedhinTarafdar2007,
	Author = {Assefaw H. Gebremedhin and Arijit Tarafdar and Fredrick Manne and Alex Pothen},
	Doi = {10.1137/050639879},
	Journal = {{SIAM} Journal of Scientific Computation},
	Number = {3},
	Pages = {1042-1072},
	Title = {New Acyclic and Star Coloring Algorithms with Application to Computing Hessians},
	Volume = {29},
	Year = {2007}}

@Manual{R_numDeriv,
	Author = {Paul Gilbert and Ravi Varadhan},
	Title = {\pkg{numDeriv}: Accurate Numerical Derivatives},
	note = {\proglang{R} package version 2014.2-1},
	Url = {http://cran.r-project.org/package=numDeriv},
	Year = {2012}}

@book{GriewankWalther2008,
	Address = {Philadelphia},
	Author = {Griewank, Andreas and Walther, Andrea},
	Edition = {2nd},
	Publisher = {Society for Industrial and Applied Mathematics},
	Title = {Evaluating Derivatives: Principles and Techniques of Algorithmic Differentiation},
	Year = {2008}}

@Manual{R_microbenchmark,
	Author = {Olaf Mersmann},
	Title = {\pkg{{m}icrobenchmark}: Accurate Timing Functions},
	note = {\proglang{R} package version 1.4-2},
	Url = {http://cran.R-project.org/package=microbenchmark},
	Year = {2014}}


@Manual{R_sparseMVN,
	Author = {Michael Braun},
	Title = {{s}parse{MVN}: An {R} Package for {MVN} Sampling with Sparse Covariance and Precision Matrices.},
	note = {\proglang{R} package version 0.2.0},
	Url = {http://cran.r-project.org/package=sparseMVN},
	Year = {2015}}

@book{NocedalWright2006,
	Author = {Nocedal, Jorge and Wright, Stephen J},
	Edition = {2nd},
	Publisher = {Springer-Verlag},
	Title = {Numerical Optimization},
	Year = {2006}}

@article{PowellToint1979,
	Author = {Powell, M J D and Toint, Ph. L.},
	Doi = {10.1137/0716078},
	Journal = {{SIAM} Journal on Numerical Analysis},
	Month = dec,
	Number = {6},
	Pages = {1060-1074},
	Title = {On the Estimation of Sparse Hessian Matrices},
	Volume = {16},
	Year = {1979}}

@article{R_trustOptim,
	Author = {Michael Braun},
	Journal = {Journal of Statistical Software},
	Month = {sep},
	Number = {4},
	Pages = {1-16},
	Title = {{t}rust{O}ptim: An {R} Package for Trust Region Optimization with Sparse Hessians},
	Url = {http://www.jstatsoft.org/v60/i04/},
	Volume = {60},
	Year = {2014}}


@article{R_ipoptr,
	Author = {W\"achter, Andreas and Biegler, L. T.},
	Journal = {Mathematical Programming},
	Number = {1},
	Pages = {25-57},
	Title = {On the Implementation of a Primaldual Interior Point Filter Line Search Algorithm for Large-scale Nonlinear Programming},
	Volume = {106},
	Year = {2006}}

  @Article{R_testthat,
    author = {Hadley Wickham},
    title = {\pkg{{t}estthat}: Get Started with Testing},
    journal = {The {R} Journal},
    year = {2011},
    volume = {3},
    pages = {5--10},
    url = {http://journal.r-project.org/archive/2011-1/RJournal_2011-1_Wickham.pdf},
  }

  @Manual{R_scales,
    title = {\pkg{{s}cales}: Scale Functions for Visualization},
    author = {Hadley Wickham},
    year = {2016},
    note = {\proglang{R} package version 0.4.0},
    url = {https://CRAN.R-project.org/package=scales},
  }

  @Manual{R_knitr,
  author = {Yihui Xie},
  year = {2016},
  title = {\pkg{{k}nitr}: A General-Purpose Package for Dynamic Report Generation in R},
  note = {\proglang{R} package version 1.12.3},
  url = {https://CRAN.R-project.org/package=knitr}}

@article{R_RcppEigen,
	Author = {Douglas Bates and Dirk Eddelbuettel},
	Journal = {Journal of Statistical Software},
	Number = {5},
	Pages = {1-24},
	Title = {Fast and Elegant Numerical Linear Algebra Using the {RcppEigen} Package},
	Url = {http://jstatsoft.org/v52/i05},
	Volume = {52},
	Year = {2013}}

@article{R_Rcpp,
	Author = {Dirk Eddelbuettel and Romain Fran{\c c}ois},
	Journal = {Journal of Statistical Software},
	Number = {8},
	Pages = {1-18},
	Title = {{Rcpp}: Seamless \proglang{R} and \proglang{C++} Integration},
	Url = {http://www.jstatsoft.org/v40/i08},
	Volume = {40},
	Year = {2011}}


 @Manual{Eigen,
  author = {Ga\"{e}l Guennebaud and Beno\^{i}t Jacob and others},
  title = {\pkg{Eigen}},
  note = {version 3},
  url = {http://eigen.tuxfamily.org},
  year = {2010}
 }
















