@Article{AbreuStich2013,
  author =	 {Rafael Abreu and Daniel Stich and Jos{\' e} Morales},
  doi =		 {10.1016/j.cam.2012.10.001},
  journal =	 {Journal of Computational and Applied Mathematics},
  pages =	 {84-102},
  title =	 {On the Generalization of the Complex Step Method},
  volume =	 241,
  year =	 2013,
}

@Article{ColemanCai1986,
  author =	 {Thomas F. Coleman and Jin-Yi Cai},
  doi =		 {10.1137/0607026},
  journal =	 {{SIAM} Journal on Algebraic Discrete Methods},
  number =	 2,
  pages =	 {221-235},
  title =	 {The Cyclic Coloring Problem and Estimation of Sparse
                  Hessian Matrices},
  volume =	 7,
  year =	 1986,
}

@Article{ColemanGarbow1985,
  author =	 {Thomas F Coleman and Burton S Garbow and Jorge J
                  Mor{\' e}},
  doi =		 {10.1145/6187.6190},
  journal =	 {{ACM} Transactions on Mathematical Software},
  number =	 4,
  pages =	 {363-377},
  title =	 {Software for Estimating Sparse Hessian Matrices},
  volume =	 11,
  year =	 1985,
}

@Article{ColemanGarbow1985b,
  author =	 {Thomas F Coleman and Burton S Garbow and Jorge J
                  Mor{\' e}},
  doi =		 {10.1145/6187.6193},
  journal =	 {{ACM} Transactions on Mathematical Software},
  number =	 4,
  pages =	 378,
  title =	 {Algorithm 636: \proglang{Fortran} Subroutines for
                  Estimating Sparse Hessian Matrices},
  volume =	 11,
  year =	 1985,
}

@Article{ColemanMore1984,
  author =	 {Thomas F. Coleman and Jorge J. Mor{\' e}},
  doi =		 {10.1007/bf02612334},
  journal =	 {Mathematical Programming},
  number =	 3,
  pages =	 {243-270},
  title =	 {Estimation of Sparse Hessian Matrices and Graph
                  Coloring Problems},
  volume =	 28,
  year =	 1984,
}

@Article{CurtisPowellReid1974,
  author =	 {A R Curtis and M J D Powell and J K Reid},
  journal =	 {Journal of the Institute of Mathematics and Its
                  Applications},
  pages =	 {117-119},
  title =	 {On the Estimation of Sparse Jacobian Matrices},
  volume =	 13,
  year =	 1974,
}

@Manual{Eigen,
  author =	 {G Guennebaud and Beno\^it Jacob and others},
  title =	 {\pkg{Eigen}},
  note =	 {version 3},
  url =		 {http://eigen.tuxfamily.org},
  year =	 2010,
}

@Article{GebremedhinManne2005,
  author =	 {Assefaw Hadish Gebremedhin and Fredrik Manne and
                  Alex Pothen},
  doi =		 {10.1137/s0036144504444711},
  journal =	 {{SIAM} Review},
  number =	 4,
  pages =	 {629-705},
  title =	 {What Color Is Your Jacobian? Graph Coloring for
                  Computing Derivatives},
  volume =	 47,
  year =	 2005,
}

@Article{GebremedhinTarafdar2007,
  author =	 {Assefaw H. Gebremedhin and Arijit Tarafdar and
                  Fredrick Manne and Alex Pothen},
  doi =		 {10.1137/050639879},
  journal =	 {{SIAM} Journal of Scientific Computation},
  number =	 3,
  pages =	 {1042-1072},
  title =	 {New Acyclic and Star Coloring Algorithms with
                  Application to Computing Hessians},
  volume =	 29,
  year =	 2007,
}

@Article{GebremedhinTarafdar2009,
  author =	 {Assefaw H. Gebremedhin and Arijit Tarafdar and Alex
                  Pothen and Andrea Walther},
  doi =		 {10.1287/ijoc.1080.0286},
  issue =	 {Spring},
  journal =	 {{INFORMS} Journal on Computing},
  number =	 2,
  pages =	 {209-223},
  title =	 {Efficient Computation of Sparse Hessians Using
                  Coloring and Automatic Differentiation},
  volume =	 21,
  year =	 2009,
}

@Book{GriewankWalther2008,
  address =	 {Philadelphia},
  author =	 {Andreas Griewank and Andrea Walther},
  edition =	 {2nd},
  publisher =	 {Society for Industrial and Applied Mathematics},
  title =	 {Evaluating Derivatives: Principles and Techniques of
                  Algorithmic Differentiation},
  year =	 2008,
}

@Article{LaiCrassidis2008,
  author =	 {K.-L. Lai and J. L. Crassidis},
  doi =		 {10.1016/j.cam.2007.07.026},
  journal =	 {Journal of Computational and Applied Mathematics},
  pages =	 {276-293},
  title =	 {Extensions of the First and Second Complex-Step
                  Derivative Approximations},
  volume =	 219,
  year =	 2008,
}

@Book{MagnusNeudecker2007,
  author =	 {Jan R Magnus and Heinz Neudecker},
  title =	 {Matrix Differential Calculus with Applications in
                  Statistics and Econometrics},
  publisher =	 {John Wiley \& Sons},
  edition =	 {3rd},
  location =	 {Chichester},
  year =	 2007,
  url =		 {http://www.janmagnus.nl/misc/mdc2007-3rdedition},
}

@Book{NocedalWright2006,
  author =	 {Jorge Nocedal and Stephen J Wright},
  edition =	 {2nd},
  publisher =	 {Springer-Verlag},
  address =	 {New York},
  title =	 {Numerical Optimization},
  year =	 2006,
  doi =		 {10.1007/978-0-387-40065-5},
}

@Article{PowellToint1979,
  author =	 {M J D Powell and Ph. L. Toint},
  doi =		 {10.1137/0716078},
  journal =	 {{SIAM} Journal on Numerical Analysis},
  number =	 6,
  pages =	 {1060-1074},
  title =	 {On the Estimation of Sparse Hessian Matrices},
  volume =	 16,
  year =	 1979,
}

@Manual{R_Matrix,
  author =	 {Douglas Bates and Martin Maechler},
  title =	 {\pkg{Matrix}: Sparse and Dense Matrix Classes and
                  Methods},
  note =	 {\proglang{R} package version 1.2-11},
  url =		 {https://CRAN.R-project.org/package=Matrix},
  year =	 2017,
}

@Article{R_Rcpp,
  author =	 {Dirk Eddelbuettel and Romain Fran{\c c}ois},
  journal =	 {Journal of Statistical Software},
  number =	 8,
  pages =	 {1-18},
  title =	 {\pkg{{Rcpp}}: Seamless \proglang{R} and
                  \proglang{C++} Integration},
  volume =	 40,
  year =	 2011,
  doi =		 {10.18637/jss.v040.i08},
}

@Article{R_RcppEigen,
  author =	 {Douglas Bates and Dirk Eddelbuettel},
  journal =	 {Journal of Statistical Software},
  number =	 5,
  pages =	 {1-24},
  title =	 {Fast and Elegant Numerical Linear Algebra Using the
                  \pkg{{RcppEigen}} Package},
  volume =	 52,
  year =	 2013,
  doi =		 {10.18637/jss.v052.i05},
}

@Article{R_ipoptr,
  author =	 {Andreas W{\" a}chter and L. T. Biegler},
  journal =	 {Mathematical Programming},
  number =	 1,
  pages =	 {25-57},
  doi =		 {10.1007/s10107-004-0559-y},
  title =	 {On the Implementation of an Interior-Point Filter
                  Line-Search Algorithm for Large-Scale Nonlinear
                  Programming},
  volume =	 106,
  year =	 2006,
}

@Manual{R_knitr,
  author =	 {Yihui Xie},
  year =	 2017,
  title =	 {\pkg{{k}nitr}: A General-Purpose Package for Dynamic
                  Report Generation in \proglang{R}},
  note =	 {\proglang{R} package version 1.17},
  url =		 {https://CRAN.R-project.org/package=knitr},
}

@Manual{R_microbenchmark,
  author =	 {Olaf Mersmann},
  title =	 {\pkg{{m}icrobenchmark}: Accurate Timing Functions},
  note =	 {\proglang{R} package version 1.4-2.1},
  url =		 {https://CRAN.R-project.org/package=microbenchmark},
  year =	 2015,
}

@Manual{R_numDeriv,
  author =	 {Paul Gilbert and Ravi Varadhan},
  title =	 {\pkg{numDeriv}: Accurate Numerical Derivatives},
  note =	 {\proglang{R} package version 2016.8-1},
  url =		 {https://CRAN.R-project.org/package=numDeriv},
  year =	 2016,
}

@Manual{R_scales,
  title =	 {\pkg{{s}cales}: Scale Functions for Visualization},
  author =	 {Hadley Wickham},
  year =	 2017,
  note =	 {\proglang{R} package version 0.5.0},
  url =		 {https://CRAN.R-project.org/package=scales},
}

@Manual{R_sparseMVN,
  author =	 {Michael Braun},
  title =	 {\pkg{{s}parse{MVN}}: An \proglang{{R}} Package for
                  {MVN} Sampling with Sparse Covariance and Precision
                  Matrices.},
  note =	 {\proglang{R} package version 0.2.1},
  url =		 {https://CRAN.R-project.org/package=sparseMVN},
  year =	 2017,
}

@Article{R_testthat,
  author =	 {Hadley Wickham},
  title =	 {\pkg{testthat}: Get Started with Testing},
  journal =	 {The \proglang{R} Journal},
  year =	 2011,
  number =	 1,
  volume =	 3,
  pages =	 {5--10},
  url =		 {https://journal.R-project.org/archive/2011-1/RJournal_2011-1_Wickham.pdf},
}

@Article{R_trustOptim,
  author =	 {Michael Braun},
  journal =	 {Journal of Statistical Software},
  number =	 4,
  pages =	 {1-16},
  title =	 {\pkg{{t}rust{O}ptim}: An \proglang{{R}} Package for
                  Trust Region Optimization with Sparse Hessians},
  volume =	 60,
  year =	 2014,
  doi =		 {10.18637/jss.v060.i04},
}

@Article{SquireTrapp1998,
  author =	 {William Squire and George Trapp},
  doi =		 {10.1137/s003614459631241x},
  journal =	 {{SIAM} Review},
  number =	 1,
  pages =	 {110-112},
  title =	 {Using Complex Variables to Estimate Derivatives of
                  Real Functions},
  volume =	 40,
  year =	 1998,
}

@Manual{sparseHessianFD,
  title =	 {\pkg{sparseHessianFD}: An \proglang{R} Package for
                  Estimating Sparse Hessians},
  author =	 {Michael Braun},
  year =	 {2017},
  note =	 {\proglang{R} package version 0.3.3.1},
  url =		 {https://CRAN.R-project.org/package=sparseHessianFD},
}

@Manual{R,
  title =	 {\proglang{R}: A Language and Environment for Statistical
                  Computing},
  author =	 {{\proglang{R} Core Team}},
  organization = {\proglang{R} Foundation for Statistical Computing},
  address =	 {Vienna, Austria},
  year =	 {2017},
  url =		 {https://www.R-project.org/},
}
